
@misc{padmore2000,
     title = {Comparison of two optical systems for protein crystallography: Sagittal focusing using crystal or mirror optics.
},
     author = {Padmore, H.A.},
     year = {2000},
     howpublished = {Advanced Light Source, Lawrence Berkeley National Laboratory, LSBL-548}
}
@misc{howells2000,
     title = {The sagittal-focusing toroid and its application to focusing an astigmatic
wavefront
},
     author = {Howells, M.R. },
     year = {2000},
     howpublished = {Advanced Light Source, Lawrence Berkeley National Laboratory, LSBL-545}
}

@misc{Goldberg2020,
     title = {A Direct Solution of the Diaboloid Mirror},
     author = {Goldberg,K A  and Sanchez del Rio,M },
     year = {2020},
     howpublished = {Advanced Light Source, Lawrence Berkeley National Laboratory, LSBL-1440}
}

@misc{Valeriy2020b,
     title = {Shape of diaboloid mirror in laboratory coordinate system},
     author = {Yashchuk, Valeriy V.},
     year = {2020},
     howpublished = {Advanced Light Source, Lawrence Berkeley National Laboratory, LSBL-1437}
}

@misc{Valeriy2020a,
     title = {An analytical solution for shape of diaboloid mirror},
     author = {Yashchuk, Valeriy V.},
     year = {2020},
     howpublished = {Advanced Light Source, Lawrence Berkeley National Laboratory, LSBL-1436}
}

@misc{Valeriy2020c,
     title = {Diaboloid shape approximation with a sagittal conical cylinder bent to a tangential parabola: Analytical consideration},
     author = {Yashchuk, Valeriy V.},
     year = {2020},
     howpublished = {Advanced Light Source, Lawrence Berkeley National Laboratory, LSBL-1451}
}

@misc{lacey,
     title = {Verification of diaboloid mirror shape given by analytical expression for the laboratory mirror-based coordinate system via ray-trace simulations},
     author = {Lacey, Ian and Sanchez del Rio, Manuel and Yashchuk, Valeriy V.},
     year = {2020},
     howpublished = {Advanced Light Source, Lawrence Berkeley National Laboratory, LSBL-1445}
}

@article{codeSHADOW,
    author = "Sanchez del Rio, M. and Canestrari, N. and Jiang, F. and Cerrina, F.",
    title = "{{\it SHADOW3}: a new version of the synchrotron X-ray optics modelling package}",
    journal = "Journal of Synchrotron Radiation",
    url = {http://dx.doi.org/10.1117/12.893433},
    year = "2011",
    volume = "18",
    number = "5",
    pages = "708--716",
}

@article{codeSHADOWOUI,
    author = "Rebuffi, L. and Sanchez del Rio, M.",
    title = "{{\it ShadowOui}: a new visual environment for X-ray optics and synchrotron beamline simulations}",
    journal = "Journal of Synchrotron Radiation",
    url={https://doi.org/10.1107/S1600577516013837},
    year = "2016",
    volume = "23",
    number = "6",
    pages = "1357--1367",
    month = "November"
}

@article{codeOASYS,
author = {Rebuffi, L. and Sanchez del Rio, M.},
title = {OASYS (OrAnge SYnchrotron Suite): an open-source graphical environment for x-ray virtual experiments},
journal = {Proc. SPIE},
volume = {10388},
number = {},
pages = {10388 - 10388 - 9},
year = {2017},
doi = {10.1117/12.2274263},
URL = {http://dx.doi.org/10.1117/12.2274263},
eprint = {}
}

@article{bl1222,
author = { S. M.   Clark  and  A. A.   MacDowell  and  J.   Knight  and  B.   Kalkan  and  J.   Yan  and  B.   Chen  and  Q.   Williams },
title = {Beamline 12.2.2: An Extreme Conditions Beamline at the Advanced Light Source},
journal = {Synchrotron Radiation News},
volume = {25},
number = {6},
pages = {10-11},
year  = {2012},
publisher = {Taylor & Francis},
doi = {10.1080/08940886.2012.736832},
URL = { 
        https://doi.org/10.1080/08940886.2012.736832
    
},
eprint = { 
        https://doi.org/10.1080/08940886.2012.736832
}
}

@article{Yashchuk2019,
  doi = {10.1063/1.5057441},
  url = {https://doi.org/10.1063/1.5057441},
  year = {2019},
  month = feb,
  publisher = {{AIP} Publishing},
  volume = {90},
  number = {2},
  pages = {021711},
  author = {Valeriy V. Yashchuk and Ian Lacey and Gevork S. Gevorkyan and Wayne R. McKinney and Brian V. Smith and Tony Warwick},
  title = {Ex situ metrology and data analysis for optimization of beamline performance of aspherical pre-shaped x-ray mirrors at the advanced light source},
  journal = {Review of Scientific Instruments}
}

@article{Steier_2014,
	doi = {10.1088/1742-6596/493/1/012030},
	url = {https://doi.org/10.1088%2F1742-6596%2F493%2F1%2F012030},
	year = 2014,
	month = {mar},
	publisher = {{IOP} Publishing},
	volume = {493},
	pages = {012030},
	author = {C Steier and A Madur and B Bailey and K Berg and A Biocca and A Black and P Casey and D Colomb and B Gunion and N Li and S Marks and H Nishimura and C Pappas and K Petermann and G Portmann and S Prestemon and A Rawlins and D Robin and S Rossi and T Scarvie and R Schlueter and C Sun and H Tarawneh and W Wan and E Williams and L Yin and Q Zhou and J Jin and J Zhang and C Chen and Y Wen and J Wu},
	title = {Completion of the Brightness Upgrade of the {ALS}},
	journal = {Journal of Physics: Conference Series},
}

@article{Yamauchi2002,
  doi = {10.1063/1.1510573},
  url = {https://doi.org/10.1063/1.1510573},
  year = {2002},
  month = nov,
  publisher = {{AIP} Publishing},
  volume = {73},
  number = {11},
  pages = {4028--4033},
  author = {Kazuto Yamauchi and Hidekazu Mimura and Kouji Inagaki and Yuzo Mori},
  title = {Figuring with subnanometer-level accuracy by numerically controlled elastic emission machining},
  journal = {Review of Scientific Instruments}
}

@article{Goldberg2016,
  author = {Goldberg,K A  and Yashchuk,V V },
  title = {Optimized mirror shape tuning using beam weightings based on distance, angle of incidence, reflectivity, and power},
  journal = {Rev. Sci. Instrumen.},
  volume = {87},
  number = {5},
  pages = {051805},
  year = {2016},
  doi = {10.1063/1.4950747},
  URL = {https://doi.org/10.1063/1.4950747},
  eprint = {https://doi.org/10.1063/1.4950747}
}

@book{BornWolf1975,
  author = {Born M. and Wolf E.},
  title= {Principles of Optics, 5th Ed.},
  year = {1975},
  pages = {482},
  publisher = {Pergamon, New York}
}

@ARTICLE{1994Coddingtons,
       author = {{Kingslake}, Rudolf},
        title = "{Who discovered Coddington's equations?}",
      journal = {Optics \& Photonics News},
         year = "1994",
        month = "Aug",
       volume = {5},
       number = {8},
        pages = {20-23},
       adsurl = {https://ui.adsabs.harvard.edu/abs/1994OptPN...5Q..20K},
      adsnote = {Provided by the SAO/NASA Astrophysics Data System}
}

@misc{Zeschke2007,
title = {{Surface Description for "Diaboloid Mirrors}},
author = {Zeschke, Thomas and Bessy, and Berlin,},
year = {January, 2007},
howpublished = {BESSY Internal Report},
}

@misc{HoghojPatent,
  title={Optical Device for X-Ray Applications},
  author={Hoghoj, Peter and Dariel, Aurélien and Rodrigues, Sergio},
  url={https://patents.google.com/patent/US7430277},
  year={2008},
  publisher={Google Patents},
  note={US Patent 7,430,277 B2}
}
 
@misc{YashchukLSBL1436,
     title = {{An analytical solution for shape of diaboloid mirror}},
     author = {Yashchuk, Valeriy V},
     year = {December, 2019},
     howpublished = {Advanced Light Source, Lawrence Berkeley National Laboratory, LSBL-1436},
     Date-Modified = {2020-01-08}
}

@article{Arnold2014,
author = {Arnold, Thomas and Böhm, Georg and Paetzelt, Hendrik},
title = {{Ultra-Precision Surface Machining with Reactive Plasma Jets}},
journal = {Contributions to Plasma Physics},
volume = {54},
number = {2},
pages = {145-154},
doi = {10.1002/ctpp.201310058},
url = {https://onlinelibrary.wiley.com/doi/abs/10.1002/ctpp.201310058},
eprint = {https://onlinelibrary.wiley.com/doi/pdf/10.1002/ctpp.201310058},
year = {2014}
}

@misc{McKinney2019a,
     title = {{Development of Diaboloidal Mirrors I---Optical path of a reflecting grazing incidence optic}},
     author = {McKinney, Wayne R.},
     year = {2019},
     howpublished = {Advanced Light Source, Lawrence Berkeley National Laboratory, \textit{Internal Report}}
}

@inproceedings{McKinneySPIE2009,
  author = {McKinney, Wayne R and Glossinger, James M and Padmore, Howard A and Howells, Malcolm R},
  title = {{Optical path function calculation for an incoming cylindrical wave}},
  booktitle = {Proceedings of SPIE - The International Society for Optical Engineering},
  year = {2009},
  volume = {7448},
  pages = {744809},
  organization = {Lawrence Berkeley National Laboratory, Berkeley, United States},
  month = {Nov}
}

@article{Chrisp1983,
author = {Michael P. Chrisp},
journal = {Appl. Opt.},
keywords = {Aberration correction; Concave gratings; Cylindrical lenses; Holographic gratings; Wavefront aberrations; Wavefronts},
number = {10},
pages = {1508--1518},
publisher = {OSA},
title = {Aberrations of holographic toroidal grating systems},
volume = {22},
month = {May},
year = {1983},
url = {http://ao.osa.org/abstract.cfm?URI=ao-22-10-1508},
doi = {10.1364/AO.22.001508},
}

@inproceedings{McKinneySPIE1997,
author = {Wayne R. McKinney and Christopher A. Palmer},
title = {{Derivation of aberration coefficients for single-element plane-symmetric reflecting systems using Mathematica}},
volume = {3150},
booktitle = {Gratings and Grating Monochromators for Synchrotron Radiation},
editor = {Wayne R. McKinney and Christopher A. Palmer},
organization = {International Society for Optics and Photonics},
publisher = {SPIE},
pages = {97--104},
year = {1997},
doi = {10.1117/12.292730},
URL = {https://doi.org/10.1117/12.292730}
}

@misc{McKinneyLSBL0416,
     title = {{Derivation of Aberration Coefficients for Single-Element Plane-Symmetric Reflection Systems Using Mathemtica(TM)}},
     author = {McKinney, Wayne R},
     year = {September, 1997},
     howpublished = {Advanced Light Source, Lawrence Berkeley National Laboratory, LSBL-0416}
}
@misc{McKinneyLSBL0821,
     title = {{Generation of Surface Expansion Coefficients for the Bicycle Tire Toroid}},
     author = {McKinney, Wayne R},
     year = {April, 2007},
     howpublished = {Advanced Light Source, Lawrence Berkeley National Laboratory, LSBL-0821}
}

@article{MacDowell2004,
author = "MacDowell, Alastair A. and Celestre, Rich S. and Howells, Malcolm and McKinney, Wayne and Krupnick, James and Cambie, Daniella and Domning, Edward E. and Duarte, Robert M. and Kelez, Nicholas and Plate, David W. and Cork, Carl W. and Earnest, Thomas N. and Dickert, Jeffery and Meigs, George and Ralston, Corie and Holton, James M. and Alber, Tom and Berger, James M. and Agard, David A. and Padmore, Howard A.",
title = "{Suite of three protein crystallography beamlines with single superconducting bend magnet as the source}",
journal = "Journal of Synchrotron Radiation",
year = "2004",
volume = "11",
number = "6",
pages = "447--455",
month = "Nov",
doi = {10.1107/S0909049504024835},
url = {https://doi.org/10.1107/S0909049504024835},
}

@article{Chase1976,
author = {Richard C. Chase},
journal = {Appl. Opt.},
keywords = {Hard x rays; Ray tracing; Soft x rays; Surfaces; X ray microscopy; X ray telescopes},
number = {12},
pages = {3094--3098},
publisher = {OSA},
title = {Aplanatic grazing incidence x-ray microscopes: design and performance},
volume = {15},
month = {Dec},
year = {1976},
url = {http://ao.osa.org/abstract.cfm?URI=ao-15-12-3094},
doi = {10.1364/AO.15.003094}
}

@article{Warwick:ie5117,
  author = {Warwick, Tony and Chuang, Yi-De and Voronov, Dmitriy L. and Padmore, Howard A.},
  title = {{A multiplexed high-resolution imaging spectrometer for resonant inelastic soft X-ray scattering spectroscopy}},
journal = {Journal of Synchrotron Radiation},
  year = {2014},
volume = {21},
number = {4},
pages = {736--743},
month = {Jul},
doi = {10.1107/S1600577514009692},
url = {https://doi.org/10.1107/S1600577514009692}}
